<collection xmlns="http://www.loc.gov/MARC21/slim"><record><leader>01309nmm  2200313   450</leader><controlfield tag="001">601</controlfield><controlfield tag="003">http://montalegre.opacnet.com/OPAC/default.aspx?ContentAreaControl=ShowRegHoldings.ascx&amp;RegNo=16662</controlfield><datafield tag="010" ind1=" " ind2=" "><subfield code="a">972-0-63009-4</subfield></datafield><datafield tag="021" ind1=" " ind2=" "><subfield code="a">PT</subfield><subfield code="b">190035/03</subfield></datafield><datafield tag="100" ind1=" " ind2=" "><subfield code="a">20061013e20031997e  y0pory0103    ba</subfield></datafield><datafield tag="101" ind1="0" ind2=" "><subfield code="a">por</subfield></datafield><datafield tag="102" ind1=" " ind2=" "><subfield code="a">PT</subfield></datafield><datafield tag="105" ind1=" " ind2=" "><subfield code="a">--------000zy</subfield></datafield><datafield tag="106" ind1=" " ind2=" "><subfield code="a">i</subfield></datafield><datafield tag="135" ind1=" " ind2=" "><subfield code="a">bocga---mnaua</subfield></datafield><datafield tag="200" ind1="1" ind2=" "><subfield code="a">Eu aprendo portuguos</subfield><subfield code="b">Documento electrónico</subfield><subfield code="e">9" ano</subfield><subfield code="f">Judite Gasparinho, Lúcia Vaz Pedro</subfield><subfield code="g">[ed.] Porto Editora Multimédia</subfield></datafield><datafield tag="205" ind1=" " ind2=" "><subfield code="a">[1ª ed.,</subfield><subfield code="b">2" reimp.]</subfield></datafield><datafield tag="210" ind1=" " ind2=" "><subfield code="a">Porto</subfield><subfield code="c">P.E.M.</subfield><subfield code="d">D.L. 2003</subfield></datafield><datafield tag="215" ind1=" " ind2=" "><subfield code="a">1 CD-ROM em caixa</subfield><subfield code="d">24 cm</subfield><subfield code="e">instruções de instalação ([1] f. desdobr.)</subfield></datafield><datafield tag="225" ind1="2" ind2=" "><subfield code="a">Multimédia educativo</subfield></datafield><datafield tag="230" ind1=" " ind2=" "><subfield code="a">Dados</subfield></datafield><datafield tag="304" ind1=" " ind2=" "><subfield code="a">Tít. retirado da etiqueta</subfield></datafield><datafield tag="337" ind1=" " ind2=" "><subfield code="a">Requisitos do sistema: Processador Pentium a 133 MHz, 16 MB de espaço livre no disco rígido, 32 MB de memória RAM, leitor de CD-ROM 4x, placa de som compatível CL Sound Blaster (16 bit), placa gráfica SVGA (milhares de cores a 640x480)</subfield></datafield><datafield tag="675" ind1=" " ind2=" "><subfield code="a">811.134.3(0.034)(075)</subfield><subfield code="3">910911</subfield></datafield><datafield tag="675" ind1=" " ind2=" "><subfield code="a">373.4(0.034)(075)</subfield><subfield code="3">993003</subfield></datafield><datafield tag="700" ind1=" " ind2="1"><subfield code="a">Gasparinho</subfield><subfield code="b">Judite</subfield><subfield code="3">233775</subfield></datafield><datafield tag="701" ind1=" " ind2="1"><subfield code="a">Pedro</subfield><subfield code="b">Lúcia Vaz</subfield><subfield code="4">070</subfield><subfield code="3">883966</subfield></datafield><datafield tag="712" ind1="0" ind2="2"><subfield code="a">Porto Editora Multimédia</subfield><subfield code="4">340</subfield><subfield code="3">218241</subfield></datafield><datafield tag="801" ind1=" " ind2="0"><subfield code="a">PT</subfield><subfield code="b">Biblioteca Municipal de Montalegre</subfield><subfield code="g">RPC</subfield></datafield><datafield tag="856" ind1=" " ind2=" "><subfield code="u">locateMedia.asp?cod=20060522145440&amp;ext=jpg</subfield><subfield code="z">CAPA</subfield></datafield><datafield tag="909" ind1="&#9;" ind2=" "><subfield code="a">0</subfield></datafield></record></collection>